% Encoding: UTF-8

@book{Primer,
  title={Causal Inference in Statistics: A Primer},
  author={Pearl, J. and Glymour, M. and Jewell, N.P.},
  isbn={9781119186861},
  lccn={2015037219},
  url={https://books.google.de/books?id=I0V2CwAAQBAJ},
  year={2016},
  publisher={Wiley}
}

@unpublished{MWT,
  title={Skript zur Vorlesung Ma√ü- und Wahrscheinlichkeitstheorie},
  author={Oesting, Marco},
  year={2022}
}

@report{Paper,
  title={An Introduction to Causal Inference},
  author={Fabian Dablander},
  type={paper},
  institution={Department of Psychological Methods, University
of Amsterdam},
  year={2020},
  doi={https://doi.org/10.31234/osf.io/b3fkw}
}

@book{Monografie,
  title={Causality},
  author={Pearl, J.},
  isbn={9780521895606},
  lccn={99042108},
  series={Causality: Models, Reasoning, and Inference},
  url={https://books.google.de/books?id=f4nuexsNVZIC},
  year={2009},
  publisher={Cambridge University Press}
}
